2190 3614
527 198 1066 244 LIBERII.
1557 219 1631 256 229

77 275 183 317 uium
195 304 207 324 ‚
218 270 420 324 aduersarij
432 271 526 312 vero
538 271 576 312 in
586 268 680 312 loco
694 272 775 314 alto
786 282 902 327 atque
914 268 1053 327 iniquo
1065 273 1209 314 vallum
1224 273 1470 315 constituere.
1520 274 1633 316 Ciui-

79 343 197 372 tatem
209 329 300 369 vero
312 325 462 382 ingredi
474 329 600 367 neutri
609 327 784 378 voluere,
797 329 910 381 quod
924 327 1002 367 fine
1012 331 1212 369 moenibus
1225 328 1497 371 effet.1³ostera
1508 332 1570 370 die
1584 331 1634 371 ad

80 394 250 441 pugnam
263 385 404 438 parati,
415 378 617 435 aduersarij
636 385 797 438 quidem
809 384 876 424 suo
888 394 1053 423 numero
1066 383 1355 433 confidentes‚a
1365 386 1500 426 nostris
1513 388 1635 426 vrim-

79 443 191 496 periti
203 454 250 481 ex
261 450 403 493 magna
421 448 527 492 parte
539 440 594 478 rei
606 439 778 479 militaris
793 445 909 488 (nam
921 440 961 478 in
982 440 1253 481 huiuscemodi
1272 440 1530 482 seditionibus
1543 455 1634 481 om-

80 511 131 538 ne
143 508 264 551 genus
277 496 483 535 hominurn
499 493 576 534 sine
588 492 743 535 delectu
758 497 957 535 confluere
976 495 1401 549 solet)fpernebantur:
1415 509 1517 551 quos
1531 497 1633 537 Beli-

81 552 194 594 sarius
206 552 254 592 ad
266 563 437 604 pugnam
448 547 656 590 ascendere
667 550 806 590 volens
817 551 867 590 ad
885 549 922 591 se
934 564 1093 591 vocatos
1107 552 1249 592 talibus
1264 552 1504 608 adloquitur.
1532 550 1633 594 Prae-

81 620 140 648 ter
151 608 256 661 spem
267 620 311 647 ac
323 614 458 647 votum
472 605 764 646 commilitones
786 618 877 660 erga
895 608 1174 660 Imperatorem
1187 621 1231 661 ac
1243 608 1423 648 Romaeos
1436 622 1495 648 res
1509 607 1544 649 se
1564 610 1631 648 lia-

81 664 190 705 bent.
216 664 258 702 In
269 675 438 716 pugnam
449 673 553 701 nunc
564 662 857 715 congredimur,
868 666 905 702 in
919 675 996 717 qua
1005 676 1136 717 neque
1150 665 1348 704 victoriam
1358 662 1436 703 sine
1448 665 1554 705 luc‘tu
1566 665 1628 704 lia·

82 719 423 768 bebimus‚contra
436 715 720 771 cosanguineos
734 720 770 757 δε
785 717 891 757 simul
903 718 1093 758 educatos
1108 720 1299 759 ituri.H0c
1310 720 1459 759 tantum
1472 720 1564 760 mali
1574 719 1636 760 so·-

84 773 212 817 lamen
227 773 359 828 ,quod
371 773 482 814 causa
500 785 616 826 atque
633 773 785 813 initium
804 774 900 813 belli
919 786 1000 814 non
1014 773 1078 828 ipsi
1091 775 1397 823 existentes‚sed
1416 776 1634 829 periculum

85 828 352 886 propulsantes
365 832 402 868 in
424 829 638 883 periculum
658 827 934 869 descendimus
948 845 956 868 ε
970 832 1038 883 qui
1057 831 1161 869 enirn
1177 830 1400 871 amicissimo
1412 843 1531 886 atque
1543 832 1637 872 cha-

87 885 226 928 riffimo
247 884 399 925 infidias
421 885 567 934 tendit,
588 883 929 938 consanguinitatis
954 898 998 925 ac
1027 885 1310 925 neceffitudinis
1328 887 1409 926 iura
1429 887 1636 938 violando,

87 953 314 998 quanquam
326 941 492 981 victoriae
505 938 805 993 superstes‚n0n
824 937 946 980 fatum
959 942 1076 980 vitare
1089 941 1177 991 ‚sed
1197 940 1380 982 facinoris
1399 942 1637 984 conscientia

87 1010 247 1053 poenam
261 1007 471 1050 prorogare
482 995 633 1035 videtur
644 1024 653 1034 .
701 997 786 1036 Hos
804 999 907 1036 enim
920 996 1100 1036 inimicos
1114 1000 1151 1036 &
1162 996 1350 1037 barbaros
1361 1027 1372 1047 ‚
1385 997 1449 1038 seu
1461 999 1634 1053 quoduis

88 1049 481 1094 aliudacerbiffimum
502 1052 606 1091 dictu
626 1051 772 1092 indicat
793 1053 869 1091 esse
890 1066 972 1092 non
992 1052 1115 1092 solum
1136 1054 1303 1106 Aphriea
1315 1053 1383 1093 sub
1400 1066 1538 1094 eorum
1556 1069 1639 1095 ma-

88 1109 251 1149 nibusin
271 1106 436 1160 praedam
451 1108 609 1146 veniens
622 1137 634 1155 ‚
646 1106 712 1147 sed
723 1108 971 1148 Romaeorum
984 1108 1135 1147 miltum
1154 1109 1362 1149 multitudo
1373 1141 1384 1159 ,
1398 1123 1500 1164 quos
1513 1124 1595 1151 non
1608 1113 1639 1151 i-

86 1165 253 1205 nimicos
273 1162 474 1202 existentes
488 1163 526 1202 lii
543 1163 734 1203 trucidare
747 1163 830 1203 sunt
841 1162 916 1204 ausi
929 1195 939 1213 ,
953 1176 1033 1203 non
1048 1163 1119 1202 alia
1138 1165 1188 1203 de
1199 1164 1328 1214 causa,
1342 1165 1458 1220 quam
1471 1168 1582 1220 quod
1595 1164 1640 1206 fi-

88 1220 198 1260 deles
211 1220 434 1271 lmperatori
447 1218 617 1258 existunt:
629 1217 651 1258 a
670 1219 813 1273 quibus
827 1218 1006 1272 profecto
1019 1219 1205 1259 scelerum
1220 1232 1357 1272 poenas
1371 1235 1473 1261 nunc
1486 1225 1639 1263 exactu-

89 1277 120 1317 ri
132 1277 307 1315 venimus
320 1274 425 1327 ,iure
446 1272 646 1325 aduersarij
667 1273 958 1315 familiarissimis
970 1274 1080 1315 faeti.
1118 1277 1265 1324 Natura
1280 1279 1385 1316 enim
1398 1290 1529 1331 neque
1548 1280 1642 1319 ami»

90 1334 125 1372 ci
142 1343 270 1385 neque
290 1330 437 1369 inimici
455 1331 554 1370 inter
573 1327 608 1369 se
626 1330 809 1370 homines
831 1331 1200 1380 existunt‚aetioncs
1221 1333 1326 1371 enim
1345 1333 1558 1374 cuiuslibet
1576 1346 1642 1375 aut

92 1400 244 1428 morum
264 1384 510 1426 similitudine
533 1387 572 1425 in
590 1388 846 1426 concordiam
869 1390 906 1426 &
927 1386 1151 1431 societatem
1173 1388 1359 1428 mortales
1379 1394 1640 1444 coniungunt,

91 1455 157 1484 aut
167 1441 340 1482 moribus
353 1440 614 1494 discrepantes
626 1444 664 1481 in
683 1443 925 1482 inimicitiam
938 1442 1134 1482 diducunt
1144 1472 1153 1482 .
1188 1444 1358 1498 Vtigitur
1368 1456 1503 1485 contra
1513 1446 1644 1487 homi-

93 1511 163 1540 nes
175 1499 330 1552 iniquos
341 1509 458 1552 atque
478 1497 595 1537 nobis
609 1496 791 1539 aduersos
804 1511 1049 1552 pugnemus,
1063 1496 1147 1538 satis
1167 1510 1262 1552 puto
1276 1498 1524 1554 cognoscitis:
1536 1515 1643 1544 nunc

96 1556 208 1610 quod
220 1553 241 1593 a
259 1553 374 1593 nobis
386 1551 630 1606 despiciendi
648 1553 892 1608 minimeque
910 1552 1234 1607 reputandisunt‚
1246 1568 1322 1610 ego
1341 1556 1621 1599 monstrauero.

97 1611 312 1650 Hominum
326 1610 431 1649 enim
450 1606 663 1649 multitudo
677 1622 757 1649 non
771 1612 919 1664 exlege
932 1609 1019 1659 ‚sed
1031 1623 1100 1663 per
1115 1611 1333 1651 iniustitiam
1357 1614 1393 1652 δε
1413 1611 1534 1653 scelus
1549 1627 1647 1654 con-

97 1678 252 1721 gregata
262 1664 414 1705 strenue
434 1667 646 1720 quicquam
666 1664 704 1704 in
726 1664 837 1705 bello
857 1678 973 1720 agere
993 1679 1074 1705 non
1093 1667 1241 1719 potest,
1254 1674 1375 1722 quum
1389 1666 1500 1708 nullo
1519 1670 1646 1710 modo

98 1725 212 1762 virtus
225 1733 311 1762 cum
323 1721 528 1776 iniquitate
549 1721 741 1775 congredi
753 1733 818 1762 aut
831 1722 1046 1762 conuenire
1067 1722 1213 1772 valeat,
1225 1723 1358 1762 verum
1369 1722 1390 1763 εὶ
1407 1724 1563 1777 nefarijs
1575 1725 1647 1765 ab·

98 1776 223 1819 sistens
237 1789 306 1816 eos
325 1775 539 1817 secundum
551 1777 733 1817 ordinem
749 1777 806 1817 rei
824 1776 998 1817 militaris
1010 1809 1021 1826 ‚
1034 1789 1099 1818 aut
1116 1775 1357 1831 disciplinam
1371 1793 1486 1834 agere
1499 1795 1581 1821 non
1602 1780 1647 1821 fi-

99 1837 167 1874 nit.
194 1832 378 1872 Destituti
389 1833 503 1887 igitur
515 1835 552 1873 &
563 1833 681 1873 animi
694 1834 830 1873 virtute
842 1835 879 1873 δε
891 1834 945 1872 rei
956 1834 1128 1874 militaris
1150 1833 1350 1888 disciplina
1363 1848 1481 1890 atque
1491 1837 1648 1888 ordine,

100 1888 322 1930 nullamora
334 1889 428 1943 quin
441 1888 714 1932 succumbant.
761 1889 978 1943 Spernendi
989 1889 1091 1939 sunt,
1102 1891 1261 1944 inquam
1273 1920 1282 1936 ,
1294 1891 1348 1930 ob
1360 1891 1428 1931 has
1441 1892 1570 1933 causas
1581 1893 1649 1933 ad·

100 1943 246 1996 uersarij
260 1945 397 1994 nostri,
411 1957 455 1984 ac
467 1945 650 1984 audacter
661 1946 698 1984 in
712 1958 782 1984 eos
792 1945 965 1985 eundum
978 1960 986 1985 ε
1000 1958 1120 2000 quum
1137 1959 1211 1986 nec
1230 1947 1268 1986 in
1289 1960 1455 1987 numero
1475 1959 1540 1989 aut
1550 1949 1650 1989 mul-

100 2000 266 2041 titudine
286 1998 521 2040 bellatorum
533 2033 543 2050 ‚
555 2000 669 2040 sedin
680 2000 822 2041 ordine
842 2013 962 2055 atque
974 2000 1201 2041 fortitudine
1213 2002 1307 2042 belli
1328 2004 1451 2043 exitus
1472 2016 1517 2044 ac
1528 2005 1650 2045 robur

101 2055 275 2098 consistat
287 2057 447 2110 quidem
462 2056 649 2096 haetenus
660 2085 671 2095 .
706 2057 756 2097 At
767 2058 904 2096 Stozas
916 2055 1003 2097 suos
1015 2057 1221 2098 exhortans
1239 2057 1287 2098 fic
1299 2060 1405 2099 ait:O
1420 2061 1488 2100 viri
1499 2060 1651 2115 quivna

100 2112 541 2153 mecumeRomaeorum
564 2111 911 2152 seruituteliberati
933 2113 1044 2163 estis,
1060 2127 1109 2152 ne
1131 2117 1219 2168 quis
1242 2115 1403 2154 vestrum
1425 2129 1531 2156 nunc
1550 2118 1650 2157 mori

103 2170 174 2223 'pro
184 2167 362 2208 libertate
372 2168 583 2217 detrectet,
597 2182 716 2223 quam
731 2173 768 2209 δε
787 2170 907 2208 vestra
920 2170 1056 2209 virtute
1069 2170 1280 2224 vestrisque
1292 2172 1407 2211 armis
1428 2172 1548 2225 paulo
1562 2172 1652 2213 ante

105 2222 298 2264 consecuti
312 2224 416 2263 estis.
445 2225 590 2278 Neque
603 2230 653 2263 ita
665 2237 781 2278 graue
792 2226 830 2264 in
845 2225 955 2264 malis
968 2223 1228 2265 senescentem
1243 2225 1361 2281 vsque
1372 2227 1421 2267 ad
1432 2241 1653 2269 extremum

105 2281 233 2320 viuere
246 2308 257 2329 ,
269 2279 386 2334 quam
398 2279 420 2318 a
431 2281 537 2319 malis
552 2279 670 2320 semel
683 2280 888 2319 liberatum
900 2279 1022 2320 rursus
1042 2282 1079 2320 in
1101 2282 1243 2321 eadem
1256 2282 1561 2338 recidere‚quod
1574 2298 1655 2324 mee

57 2376 61 2381 ,
107 2329 173 2375 dlo
188 2347 367 2390 tempore
378 2337 486 2376 bona
498 2334 714 2389 degustanti
728 2334 894 2376 difficilis
905 2367 917 2386 ‚
929 2347 966 2374 vt
976 2349 1045 2389 par
1057 2337 1112 2376 est
1122 2366 1134 2386 ,
1150 2337 1347 2377 calamitas
1360 2338 1509 2380 reuersa
1519 2340 1654 2380 videa·

107 2403 178 2431 tur.
199 2392 329 2431 Rebus
341 2392 471 2446 itaque
483 2390 531 2431 sic
544 2392 808 2441 existentibus,
820 2392 1072 2432 necessarium
1083 2406 1151 2432 vos
1165 2391 1396 2443 meminiffe,
1409 2396 1519 2448 quod
1530 2409 1654 2450 quum

109 2447 296 2488 Vandilos
312 2450 349 2488 δε
359 2446 576 2488 Maurusios
587 2444 655 2501 ipsi
669 2448 846 2493 viceritis,
858 2460 942 2497 vos,
953 2452 1112 2502 inquam
1124 2477 1136 2497 2
1148 2449 1244 2488 belli
1260 2449 1416 2490 labores
1425 2450 1601 2503 subiistis,
1613 2465 1656 2493 aa

110 2502 148 2555 lij
161 2500 468 2556 verospoliorum
479 2502 722 2558 aliaruinc'Iue
739 2514 867 2543 rerum
877 2504 1028 2544 domini
1041 2502 1173 2545 fuere.
1224 2504 1408 2560 Illudt'lue
1427 2509 1656 2562 cogitatote,

113 2558 369 2613 quodmilites
383 2572 505 2614 quum
517 2557 802 2612 fitiS‚perpetuo
815 2572 883 2599 vos
895 2560 933 2599 in
945 2559 1054 2599 bello
1065 2571 1109 2600 ac
1121 2561 1301 2613 periculis
1311 2561 1446 2602 versari
1458 2575 1657 2617 oporteat,

114 2612 176 2655 vel
186 2624 255 2668 pro
265 2614 509 2668 Imperatoris
523 2614 659 2670 gloria,
670 2614 694 2654 si
705 2615 827 2655 rursus
841 2616 876 2654 ei
888 2613 1105 2665 fermentis,
1117 2616 1176 2656 vel
1190 2629 1260 2669 pro
1273 2617 1386 2657 vobis
1398 2617 1529 2671 ipfis‚st
1539 2619 1658 2660 liber-

114 2679 234 2711 tatem
245 2670 366 2721 hanc,
377 2680 495 2725 quam
507 2671 900 2711 tenetisseruaueritis
912 2700 923 2711 .
969 2672 1094 2725 Qod
1108 2674 1212 2712 enim
1233 2672 1254 2712 ὲ
1272 2672 1431 2713 duobus
1444 2675 1658 2728 optabilius

115 2726 230 2766 visum
251 2726 386 2776 vobis,
398 2726 624 2781 eligendum
637 2757 648 2776 ‚
662 2739 726 2766 aut
743 2732 781 2767 in
794 2726 965 2780 praesenti
976 2728 1288 2782 pugnamolliter
1299 2742 1414 2783 agere
1431 2731 1491 2769 vel
1511 2730 1664 2772 fortiter

117 2782 238 2822 velitis
251 2811 261 2822 .
296 2783 527 2822 Succurrere
540 2782 652 2822 vobis
665 2783 781 2823 etiam
791 2783 1042 2837 debet‚quod
1055 2797 1189 2824 contra
1198 2783 1381 2826 Romaeos
1392 2798 1497 2825 arma
1507 2786 1663 2828 sumen·

118 2837 218 2886 te5,si
229 2835 416 2892 subiugati
428 2837 574 2877 fueritis
586 2867 596 2887 ‚
609 2852 690 2878 non
703 2852 827 2893 equos
840 2838 1029 2879 dominos
1048 2850 1181 2894 neque
1200 2840 1414 2881 clementes
1429 2844 1662 2896 experiemi1

119 2892 238 2942 ni,{ed
247 2893 711 2948 gr.;52iaintolei·andaque
732 2907 802 2934 vos
815 2893 1052 2937 manebunt.
1097 2897 1328 2949 Promptum
1349 2896 1404 2937 est
1419 2899 1535 2953 igitur
1545 2899 1662 2939 vobis

121 2951 230 2989 mori:
247 2959 351 2988 mors
370 2950 473 2988 enim
493 2963 737 3004 quocunque
757 2951 882 2990 modo
895 2951 1008 2991 vobis
1025 2952 1064 2991 in
1083 2951 1193 2992 bello
1203 2953 1426 3006 contingat,
1442 2954 1664 2998 admodum

123 3004 282 3044 honesta
290 3004 484 3044 videbitur
497 3034 506 3043 .
551 3004 638 3045 Vita
651 3019 809 3060 nanque
821 3007 1031 3047 victoribus
1045 3009 1083 3047 ὅ(
1100 3006 1192 3048 felix
1206 3010 1244 3047 δε
1262 3006 1387 3048 suauis
1401 3010 1467 3060 est,
1478 3012 1585 3051 vietis
1597 3024 1665 3051 au-

125 3071 199 3099 tem
217 3059 427 3099 nihilaliud
445 3059 622 3102 acerbius
635 3061 761 3101 dicam
774 3061 915 3116 ,quam
924 3074 1012 3102 toto
1024 3074 1204 3117 ternpore
1223 3062 1328 3117 spem
1349 3066 1387 3104 in
1406 3064 1573 3107 hostium
1592 3067 1666 3106 mi-

126 3113 327 3175 sericordia
346 3115 561 3157 collocare.
611 3117 780 3172 Ingreffu
799 3120 1145 3174 quoqueimpares
1163 3120 1219 3162 illi
1237 3120 1480 3176 eruntlonge
1499 3135 1668 3164 nurnero

1354 3207 1357 3209 -
1418 3190 1445 3218 u

1651 612 1770 657 fielisbrtj
1785 612 1889 659 adsue!

1650 661 1744 692 oratio.

1688 2083 1785 2125 3209&
1797 2082 1902 2128 adfieos

1668 2129 1765 2160 oratio.
