2190 3614
247 784 387 828 Hypatius
422 783 487 824 imp.

243 837 293 873 per
299 827 484 873 jlbciitiefiufia:

246 876 273 906 H
277 885 317 906 its.

249 922 354 951 Mffliae
367 920 487 963 prudens

244 964 394 1008 confilium.

246 1285 374 1330 &siggim
382 1282 485 1329 ftnten

244 1331 294 1362 tia·

242 2295 375 2339 Animufie
384 2294 481 2328 mulie-

240 2341 431 2374 risThcedorae
441 2347 483 2375 Au

238 2385 323 2431 gustis
332 2386 480 2433 consillum.

1710 112 1730 129 ς

508 198 581 250 ³48
936 192 1034 236 DE
1088 190 1323 235 netto
1383 178 1712 234 PERstco

508 270 687 324 aequitate
699 266 988 321 interpam-icles
1002 264 1146 306 clarum
1160 266 1216 304 :in
1228 264 1300 304 hos
1314 264 1427 318 igitur
1436 263 1583 304 inuidia
1595 275 1658 304 aut
1675 259 1876 302 i-nsee'tatio
1888 260 1993 301 nulla
2003 256 2067 301 fur*⁹

508 325 548 364 it.
577 326 655 364 Die
667 325 759 364 vero
772 326 907 378 quinta
917 322 1105 362 tumultus
1125 318 1193 360 sub
1205 318 1403 373 vesperam
1415 319 1641 360 Iustinianus
1656 318 1827 372 Hypatio
1842 319 1876 357 δέ
1892 319 2066 370 Pompe-

508 382 548 420 io
564 379 745 432 Anastafij
758 379 939 434 principis
962 378 1101 418 sororis
1114 376 1199 427 filijs
1212 376 1379 416 domum
1393 376 1635 416 celeriterire
1648 373 1743 414 iussit
1754 404 1765 423 ,
1777 372 1853 412 fiue
1864 386 1923 412 res
1937 385 2063 412 nouas

507 436 546 476 in
560 438 761 489 proprium
780 448 922 489 corpus
940 434 989 474 ab
1002 436 1056 474 eis
1068 432 1191 486 parari
1203 431 1469 487 suspicaretur,
1482 431 1559 471 siue
1570 431 1691 471 fatum
1713 443 1781 470 eos
1793 429 1956 469 duxerit.
2013 429 2066 469 Hi

508 493 560 532 de
571 491 803 532 inuadendo
814 492 980 544 imperio
990 490 1196 537 coniurati,
1208 501 1252 529 ac
1262 488 1374 543 quod
1389 489 1521 528 euenit
1531 489 1782 535 timentes‚ne
1794 487 1831 524 in
1845 486 1949 538 regia
1960 483 1981 523 τὶ
1992 497 2066 537 po-

509 548 605 601 pulo
626 548 862 588 violarentur
875 577 887 595 ,
903 543 1131 586 dicebantse
1142 558 1224 585 non
1236 544 1377 584 ordine
1387 542 1516 584 facere
1537 574 1547 592 ,
1571 542 1594 582 fi
1608 542 1716 582 suum
1729 540 2008 594 Imperatorem
2022 541 2063 581 in

507 615 587 643 tam
599 617 716 658 graue
728 605 943 657 periculum
955 603 1210 652 conjicerent.
1268 602 1359 640 l-Iaec
1371 613 1415 640 au
1423 599 1533 639 diens
1548 599 1725 638 Iustinian
1733 610 1774 637 us
1785 627 1797 645 ‚
1809 599 1924 637 etiam
1937 597 2062 650 magis

507 658 790 713 suspicans-,eos
803 659 923 699 statim
934 655 1033 698 iussit
1044 655 1253 697 discedere:
1266 660 1333 711 qui
1345 656 1508 695 domum
1520 656 1680 695 tandem
1695 653 1895 693 venientes
1907 683 1919 701 ,
1932 653 1994 692 die
2005 655 2064 692 se-

508 716 648 770 quenti
657 717 810 755 oriente
819 714 898 755 sole
908 714 1012 754 {attia
1024 712 1077 752 est
1091 724 1283 766 vtrunque
1292 713 1330 752 in
1343 711 1487 765 palatio
1501 711 1654 751 morari:
1666 709 1835 763 populus
1847 709 1980 762 itaque
1991 721 2063 749 om
2080 722 2084 727 ’

508 772 567 811 nis
579 771 787 811 adcurrens
799 771 1011 825 Hypatium
1030 769 1310 822 Imperatorem
1324 767 1537 808 consalutat
1549 797 1560 816 ‚
1572 768 1610 806 in
1624 766 1752 806 forum
1765 764 1773 777 ¹
1789 778 1837 805 ue
1851 764 1899 804 ad
1911 777 1992 804 rem
2005 763 2066 804 sue-

507 825 746 880 scipiendum
760 827 919 866 ducunt.
947 826 1073 866 Maria
1083 825 1174 864 vero
1185 826 1266 864 eius
1278 824 1449 864 coniunx
1468 820 1760 877 prudentiffima
1782 820 1877 861 imul
1891 823 1928 860 &
1939 818 2064 862 castis-

506 881 598 923 sima
617 885 738 922 virum
753 880 933 935 prensans
947 880 1253 928 vociferabatur,
1266 879 1492 934 vlulatuQue
1506 879 1631 920 multo
1652 876 1774 932 ipsum
1787 877 1834 917 ab
1848 890 1897 916 eo
1910 875 2065 917 facino-

505 952 545 978 re
556 939 841 981 retrahebatsad
853 951 1038 987 mortem,
1050 951 1132 977 non
1143 937 1192 978 ad
1203 937 1411 991 Imperium
1424 935 1521 977 trahi
1533 934 1904 976 dictitansffandem
1918 932 1939 973 εὶ
1949 933 2065 974 turba

505 993 708 1048 compulsa
719 995 872 1036 destitit,
886 993 1009 1049 ipsum
1024 995 1137 1048 igitur
1147 995 1186 1034 in
1199 991 1328 1033 forum
1351 991 1598 1033 Constantini
1610 990 1844 1045 produCtum
1865 991 1902 1029 in
1916 989 2066 1043 regiam

504 1053 724 1091 reuocauit:
737 1051 942 1106 quumque
955 1050 1003 1090 ad
1015 1063 1151 1090 manus
1163 1049 1347 1090 diadema
1358 1081 1369 1099 ‚
1381 1062 1462 1104 quo
1472 1050 1730 1102 Imperatores
1739 1046 1909 1087 redimiri
1921 1044 2064 1095 solent„

505 1118 586 1147 non
602 1108 808 1150 haberent3
822 1121 912 1148 tunc
926 1106 1133 1162 quoddam
1147 1119 1280 1147 aurum
1302 1105 1412 1160 supra
1422 1117 1538 1158 caput
1550 1105 1631 1144 eius
1645 1115 1838 1157 ponentes
1858 1102 2066 1143 Romano-

506 1177 589 1203 rum
602 1165 881 1217 Imperatorem
893 1164 1106 1205 declarant.
1119 1162 1277 1217 lamone
1290 1162 1338 1202 ad
1348 1160 1549 1202 confilium
1562 1159 1820 1209 senatoribus,
1832 1160 2064 1212 quicunque

506 1220 544 1259 i'n
558 1220 644 1260 aula
656 1220 1314 1273 aderant7conuenientibussplures
1328 1231 1399 1270 pro
1410 1218 1568 1258 illorum
1582 1229 1688 1271 parte
1699 1215 1810 1256 dictae
1824 1215 1982 1255 fuerunt
1995 1215 2065 1255 sen

505 1277 644 1316 tentiae.
687 1279 881 1331 Origenes
895 1289 1024 1316 autem
1037 1289 1084 1316 ex
1097 1278 1150 1315 eis
1164 1289 1260 1315 vnus
1274 1273 1429 1330 surgens
1442 1274 1523 1314 liaec
1535 1275 1604 1313 ait:
1618 1275 1691 1312 Res
1702 1270 1901 1326 praesentes
1912 1271 2064 1312 Romaei

504 1331 616 1372 bello
638 1331 798 1373 decerni
809 1347 891 1373 non
905 1333 1074 1386 poffuiit.
1107 1332 1258 1371 Bellum
1272 1332 1377 1371 enim
1392 1332 1427 1370 δε
1449 1343 1611 1384 regnum
1625 1332 1800 1369 omnium
1820 1330 1919 1368 inter
1930 1327 2068 1380 homi-¹

504 1402 574 1428 nes
588 1389 754 1429 maxima
766 1389 843 1430 effe
853 1390 979 1443 palam
994 1388 1059 1430 est.
1092 1388 1166 1427 Ptes
1181 1389 1343 1442 quidem
1365 1387 1541 1426 maximae
1553 1400 1633 1426 non
1646 1386 1834 1438 temporis
1845 1384 2038 1424 breuitate
2048 1412 2065 1432 ,

505 1444 571 1486 sed
590 1446 719 1499 probo
733 1447 891 1486 rationis
912 1443 1073 1485 consilio
1085 1457 1128 1484 ac
1147 1445 1323 1497 corporis
1335 1443 1472 1483 labore
1493 1443 1876 1536 guber-nantunqgiae
1895 1439 2065 1495 quidem

505 1501 735 1542 hominibus
755 1516 836 1541 non
858 1501 1076 1541 admodum
1097 1513 1258 1554 repente
1278 1500 1513 1540 succurrunt.
1572 1497 1614 1538 Si
1631 1498 1735 1538 enim
1752 1499 1790 1537 in
1843 1497 1963 1536 ellum
1976 1495 2067 1536 tie--

504 1557 734 1599 icendamus
748 1589 759 1606 ,
770 1558 810 1597 in
824 1558 1063 1611 praecipitiae
1087 1569 1294 1596 momento
1307 1555 1433 1595 nostra
1445 1555 1542 1595 {alus
1556 1555 1648 1604 erit,
1660 1552 1989 1609 dec'1ueomnibus
2000 1552 2067 1593 hie

504 1616 544 1654 in
557 1626 738 1666 tempore
749 1613 1071 1667 periclitabimur,
1085 1611 1364 1667 fortunamqtie
1375 1610 1748 1667 quomodocunque
1760 1623 1820 1650 res
1832 1610 1989 1649 eueniet
2001 1608 2065 1650 vel

505 1669 761 1710 adorabimus
772 1696 781 1712 ‚
797 1670 855 1709 vel
869 1671 1036 1709 omnino
1048 1667 1314 1710 accusabimus
1324 1699 1335 1717 ,
1349 1667 1458 1722 quod
1472 1680 1533 1706 res
1546 1665 1704 1707 veloces
1723 1669 1760 1707 in
1774 1666 1938 1710 fortunae
1959 1665 2066 1719 ple—-

503 1739 661 1780 runque
672 1727 888 1766 temeritate
901 1725 1106 1765 versantur.
1134 1725 1175 1764 Si
1185 1737 1314 1764 autem
1328 1722 1509 1764 Otrorslus
1522 1736 1583 1763 tes
1605 1720 1808 1776 praesentes
1822 1722 2065 1763 administra-

503 1782 636 1822 bimus
649 1812 660 1831 ,
673 1782 917 1822 Iustinianum
930 1782 1092 1836 quidem
1115 1781 1274 1821 minime
1287 1782 1510 1834 capiemus,
1523 1780 1654 1833 potius
1675 1792 1812 1819 eorum
1831 1777 2063 1819 sententiam

502 1837 711 1892 sequentes
722 1869 732 1886 ,
746 1839 813 1892 qui
826 1851 916 1878 eum
929 1836 1115 1891 aufugere
1125 1835 1262 1878 sinent.
1321 1838 1501 1890 Spretum
1515 1836 1619 1875 enim
1633 1836 1837 1889 imperium
1850 1833 2070 1880 deficiente.

503 1894 665 1934 cottidie
676 1895 821 1933 robore
837 1895 1027 1933 continuo
1040 1894 1123 1933 fluit
1133 1904 1250 1945 atque
1266 1890 1409 1932 deficit.
1423 1892 1625 1933 Habemus
1646 1890 1800 1945 insuper
1810 1893 1935 1946 regias
1953 1890 2064 1940 alias,

502 1964 590 2003 quae
604 1950 837 1990 Placillianae
851 1954 889 1991 &
900 1949 1062 1990 Helenae
1073 1948 1332 2002 appellantur,
1342 1949 1444 1989 vnde
1457 1962 1557 2004 opus
1571 1950 1605 1987 ei
1616 1946 1767 1988 soluere
1779 1980 1789 1996 ,
1803 1946 1826 1988 si
1837 1947 1987 1988 bellum
2001 1948 2064 1986 in-

501 2005 601 2045 ferre
613 2036 624 2055 ,
637 2020 700 2045 aut
713 2007 863 2061 aliquid
874 2008 1037 2047 tractare
1049 2006 1278 2046 decreuerit.
1300 2005 1495 2059 Origenes
1509 2006 1590 2046 haec
1602 2005 1663 2044 ait.
1676 2004 1735 2056 alij
1747 2018 1911 2059 quoque
1922 2036 1932 2054 ‚
1947 2003 2063 2058 quod

500 2063 614 2101 turba
629 2060 757 2102 facere
778 2059 1153 2111 consueuit,contta
1166 2074 1288 2116 ocyus
1307 2062 1502 2115 agendum
1524 2061 1707 2113 expedire
1726 2063 1937 2113 opinantur
1959 2077 1967 2100 z
1986 2072 2064 2100 nee

501 2119 629 2157 minus
642 2121 830 2173 Hypatius
842 2132 923 2158 rem
937 2117 1186 2158 adcelerabat
1197 2149 1207 2166 ,
1222 2118 1313 2157 acin
1335 2118 1658 2171 Hippodromum
1671 2118 1875 2157 confestim
1897 2129 2066 2157 conten-

500 2175 607 2217 dere.
628 2176 738 2229 quod
761 2174 943 2215 nonnulli
963 2174 1205 2214 deindustria
1226 2171 1360 2213 dixisse
1373 2173 1645 2229 lerunt‚quod
1666 2176 1703 2214 in
1718 2186 1844 2228 partes
1866 2173 2066 2215 lastiniani

500 2229 776 2284 adspiraretlix
789 2231 863 2270 alia
875 2243 981 2284 parte
993 2230 1317 2285 quiIustinian-um
1332 2228 1616 2284 sequebantur,
1628 2232 1665 2270 in
1679 2229 1965 2271 consultatione
1978 2233 2014 2271 &
2029 2234 2064 2271 i-

500 2285 552 2341 psi
566 2286 749 2340 posuere,
762 2299 884 2326 Vtrum
897 2300 1055 2326 manere
1068 2286 1129 2326 vel
1139 2285 1274 2340 fugere
1291 2287 1503 2339 expediret.
1512 2286 1730 2327 Theodora
1745 2289 1877 2342 itaque
1887 2286 2061 2341 Augusta
2121 2314 2123 2317 -

501 2346 601 2382 inter
619 2343 692 2383 hos
706 2345 873 2396 primum
889 2342 936 2383 {ic
949 2344 1017 2382 ait:
1036 2344 1230 2382 Foeminas
1245 2343 1343 2382 iuter
1355 2343 1454 2382 viros
1467 2356 1547 2383 non
1560 2356 1745 2396 oportere
1759 2344 1903 2383 audere
1913 2374 1924 2391 ,
1938 2345 1998 2382 vel
2017 2344 2061 2385 in

499 2401 618 2439 rebus
630 2400 758 2450 dubijs
769 2399 1151 2453 leuirerageremunc
1165 2400 1334 2438 maxime
1346 2411 1499 2452 tempus
1513 2400 1574 2439 est·
1587 2400 1652 2439 vbi
1664 2401 1768 2439 enim
1782 2413 1841 2440 tes
1853 2401 1891 2439 in
1904 2400 2058 2453 pericu-

499 2456 580 2495 lum
591 2456 990 2509 vertitu1·,11iliilmagis
1002 2454 1182 2508 expedit,
1197 2453 1311 2508 quam
1325 2455 1362 2494 in
1376 2468 1559 2509 promptu
1573 2457 1765 2509 optimum
1779 2469 1918 2507 capere
1931 2454 2058 2495 conli-

497 2510 794 2551 liumExistimo
807 2512 920 2565 igitur
933 2510 1105 2565 ruganhfi
1118 2524 1304 2564 vnquam,
1317 2523 1421 2550 nunc
1434 2510 1684 2553 maxime-,etsi
1696 2512 1852 2551 salutem
1867 2510 2063 2564 pariat,mi

498 2566 603 2607 nime
617 2580 690 2607 nos
700 2567 1022 2621 decere3quando
1035 2565 1153 2605 semel
1163 2578 1255 2605 nato
1269 2580 1349 2606 non
1362 2569 1461 2607 mori
1473 2568 1715 2622 quandoque
1728 2568 1889 2607 minime
1901 2567 2062 2607 concese

498 2621 653 2663 sumllli
666 2626 882 2678 autem‚qui
893 2623 1010 2662 semel
1024 2624 1284 2675 imperauerit,
1297 2623 1454 2663 exilium
1470 2637 1720 2678 nequaquam
1734 2623 1953 2663 tolerabile.
1967 2621 2065 2663 Pos-

498 2678 630 2719 semne
646 2692 722 2733 ego
734 2693 902 2732 purpura
922 2679 1037 2719 semel
1050 2678 1250 2731 adsumpta
1263 2680 1424 2732 priuati,
1436 2692 1499 2719 aut
1510 2681 1614 2719 diem
1630 2682 1755 2720 viuere
1769 2694 1885 2719 vnum
1898 2711 1909 2729 ,
1921 2681 1958 2719 in
1973 2693 2059 2734 quo

498 2749 562 2775 me
574 2735 783 2789 Augustam
796 2735 985 2775 adeuntes
999 2749 1078 2774 non
1102 2734 1369 2774 salutauerint?
1427 2737 1544 2790 Igitur
1555 2737 1705 2788 optime
1716 2737 1933 2789 Imperator
1943 2765 1955 2785 ,
1968 2748 2060 2774 vo·-

498 2791 592 2832 lenti
614 2804 718 2830 nunc
740 2793 872 2830 viuere
890 2790 1154 2845 proculdubio
1175 2790 1283 2830 nullo
1307 2794 1476 2844 negocio
1498 2792 1610 2841 licet,
1634 2793 1805 2842 pecunia:
1819 2793 1935 2832 nobis
1956 2804 2061 2831 ma--·
2103 2802 2106 2803 ’

497 2860 573 2901 gna
587 2848 640 2886 vis
654 2877 665 2895 ,
677 2860 780 2886 mare
795 2860 1063 2900 opportunum
1076 2877 1086 2894 ,
1100 2847 1252 2900 nauigia
1265 2847 1401 2888 multa.
1447 2845 1667 2888 Considera
1677 2860 1806 2888 tamen
1820 2879 1832 2897 ‚
1844 2861 1893 2887 ne
1904 2847 2059 2888 seruato

495 2902 565 2941 tibi
580 2903 781 2956 contingat
792 2904 873 2943 vitae
891 2903 1172 2943 iocunditatem
1187 2916 1274 2941 cum
1287 2903 1423 2943 mortis
1436 2904 1484 2943 ad
1497 2916 1711 2943 extremum
1723 2904 1932 2945 acerbitate
1946 2917 2060 2943 com-

495 2970 668 2998 mutate.
737 2959 978 2998 Mihiautem
1000 2959 1204 3011 antiquum
1224 2957 1311 2998 sane
1330 2959 1460 3012 placet
1480 2961 1734 3012 prouerbium
1757 2992 1769 3009 ,
1793 2959 1927 3014 Qum
1949 2959 2058 3013 pul---

496 3014 631 3053 chrum
644 3013 751 3063 est‚in
762 3014 953 3068 sepulchri
965 3015 1097 3069 elogio
1109 3015 1389 3067 Imperatorem
1401 3014 1576 3056 adscribi.
1591 3018 1682 3057 Haec
1694 3017 1912 3058 Theodora
1922 3008 2059 3056 dicen-⁴

487 3082 534 3109 -te
546 3071 689 3109 caeteris
703 3069 845 3110 fiducia
858 3070 1006 3110 estorta
1017 3101 1029 3118 ,
1040 3078 1264 3124 omnesque
1276 3071 1313 3110 in
1327 3071 1495 3112 concilio
1516 3072 1566 3112 ad
1579 3071 1849 3112 fortitudinem
1863 3070 2057 3123 conuerfi,

494 3123 623 3180 quase
637 3127 697 3166 via
704 3125 923 3168 defendere
932 3125 1092 3180 possint,
1105 3139 1148 3167 ac
1160 3125 1310 3167 bellum
1327 3129 1506 3170 mouenti
1516 3126 1684 3170 resistere
1695 3159 1708 3179 ,
1719 3129 2027 3224 meditabantlut.

1904 3184 1962 3226 Mi
1980 3194 2053 3225 ites
