2190 3614
484 228 549 253 222
838 207 928 250 DE
984 207 1230 252 BELLO
1287 208 1725 252 VANDILICO

486 292 674 321 uenarum
686 278 898 320 exercitum
911 309 922 327 ,
935 279 1081 332 patrios
1095 277 1192 319 fines
1214 277 1438 319 deserentes
1463 280 1501 319 in
1513 278 1737 334 Aegyptum
1748 275 1912 318 vicinam
1925 275 2066 331 migras

489 349 645 386 uerunt,
654 336 749 389 ibina
763 347 929 375 numero
943 347 986 374 ac
997 333 1136 375 sobole
1147 334 1507 390 crescentes,quum
1519 349 1600 375 non
1612 334 1696 375 satis
1707 333 1965 374 commodum
1978 345 2064 372 tan-

490 405 537 433 tae
550 392 792 432 multitudini
812 391 946 431 locum
958 389 1215 441 inuenissent,
1227 392 1266 430 in
1282 390 1492 444 Aphricam
1506 403 1763 444 penetrauere
1774 421 1786 439 ‚
1797 389 1864 429 vbi
1883 390 2062 429 ciuitates

494 448 748 503 quamplures
760 447 981 486 habitantes
995 460 1158 486 omnem
1172 460 1261 487 eum
1284 450 1447 487 tranum
1459 445 1576 501 vsque
1588 447 1638 487 ad
1650 445 1830 486 Herculis
1855 445 2061 485 columnas

494 501 1020 556 tenuerunt‚semiphoenicia
1030 502 1163 557 lingua
1175 516 1219 542 ac
1230 504 1419 543 catalecto
1431 500 1890 556 vtentesOppidquue
1901 501 2058 554 Tingen

497 560 566 601 fitu
579 557 867 600 munitiffimum
878 559 917 597 in
927 558 1119 598 Numidia
1130 557 1435 608 aedificauerunt‚
1449 558 1512 598 vbi
1524 559 1607 599 duae
1618 571 1665 597 ex
1679 558 1769 598 albo
1782 557 1914 610 lapide
1927 556 2060 596 colum

498 630 556 657 nae
568 629 692 669 prope
709 627 894 668 magnum
905 611 1284 655 fontem-constitutae
1296 644 1305 657 ,
1318 616 1359 654 in
1370 614 1514 669 quibus
1528 614 1763 654 Phoenicum
1780 613 1831 652 lin
1839 626 1913 667 gua
1922 612 2060 652 litterae

493 670 622 712 ‘incisae
634 671 718 710 sunt
728 669 1012 709 huiuscemodi.
1044 671 1132 709 Nos
1145 669 1166 709 a
1177 669 1275 710 facie
1288 669 1458 725 fugimus
1478 669 1558 710 lesu
1568 670 1762 722 praedonis
1774 668 1842 720 filij
1856 669 1984 708 Nau-e.
2008 668 2061 707 l-Ii

499 729 662 768 demum
674 726 785 781 quod
795 725 889 765 nulli
903 724 973 765 fint
982 726 1039 765 eis
1051 726 1491 780 antiquiores‚A-phricae
1503 726 1696 780 indigenae
1708 725 1888 765 dicuntur
1899 722 2061 764 effezcu-

500 785 559 823 ius
572 784 625 822 rei
635 784 755 837 gratia
764 795 829 821 rex
838 782 1044 835 quondam
1058 795 1194 822 eorum
1209 783 1452 836 Antaeus‚qui
1465 783 1501 822 in
1517 782 1688 823 Palaestra
1698 794 1784 821 cum
1796 779 1969 820 Hercule
1984 792 2061 821 con

502 838 645 894 gressus
660 838 838 886 est,terrae
851 836 952 877 filius
966 838 1018 877 est
1029 838 1469 892 appellatus.Temp01·e
1482 838 1574 877 vero
1588 837 1833 891 procedente
1845 838 1913 890 qui
1926 835 1945 875 ὲ
1959 836 2062 876 Phoe

500 896 602 935 nicia
614 908 702 935 cum
714 894 879 934 Didone
892 895 1164 943 venerunt,hic
1175 894 1232 934 ob
1241 894 1397 934 luorum
1409 893 1784 948 consanguinitatem
1799 892 2064 933 constiterunt.

502 950 642 1005 eisque
654 949 968 1004 permittentibus
981 949 1262 1005 Carthaginem
1277 949 1598 1004 condidere:quae
1609 952 1784 1003 potentia
1799 962 1841 988 ac
1852 948 2063 987 hominum

501 1006 754 1046 multitudine
766 1005 874 1045 adeo
882 1008 1060 1055 creuit‚vt
1070 1007 1205 1046 vicinis
1214 1006 1321 1046 bella
1333 1006 1518 1055 intulerit,
1533 1009 1569 1046 δε
1578 1004 1797 1045 Maurufios
1810 1003 1912 1057 ipsos
1924 1006 1993 1058 qui·
2003 1003 2063 1057 pri

501 1075 593 1103 ores
606 1063 626 1102 ὲ
642 1062 1257 1116 Palestinavenerunt,expulerit‚
1269 1076 1313 1102 ac
1325 1062 1462 1115 procul
1474 1063 1522 1102 ab
1536 1063 1589 1101 eis
1604 1062 1778 1102 habitare
1793 1059 1872 1101 iuff
1869 1061 1949 1100 erit.
1957 1060 2067 1100 Post-

501 1131 620 1174 quarn
635 1117 728 1158 vero
738 1118 906 1158 Romani
917 1119 1094 1158 omnium
1108 1118 1192 1158 sunt
1211 1120 1325 1172 potiti
1335 1118 1454 1173 longe
1468 1117 1577 1158 bello
1588 1117 1803 1172 superiores
1815 1149 1826 1166 ,
1840 1114 2065 1156 Maurusios

502 1175 667 1226 quidem
677 1175 715 1213 in
729 1177 909 1214 extremis
921 1172 1088 1227 Aphrice
1099 1174 1198 1215 locis
1209 1173 1411 1215 confidere
1424 1170 2003 1228 mandarunt,Ca1·thaginenses
2017 1184 2066 1211 ve

501 1233 547 1270 ro
561 1234 598 1271 &
609 1230 768 1283 Aphro-s
780 1230 878 1270 alios
892 1230 946 1269 eis
959 1230 1280 1285 obtemperantes
1292 1231 1514 1271 tributarios
1529 1230 1716 1270 fecerunt.
1729 1228 1867 1269 Postea
1879 1226 2064 1280 Maurusii

501 1286 632 1341 plures
646 1287 696 1326 de
706 1286 878 1326 Vandilis
891 1286 1069 1327 vie'torias
1080 1287 1277 1327 habentes
1298 1287 1583 1341 aliquantulum
1594 1284 1856 1339 resipiscentes
1876 1285 2067 1325 Maurita-

502 1344 608 1383 niam
621 1342 642 1382 ὲ
655 1342 836 1382 Gadibus
856 1341 904 1382 ad
917 1340 1099 1383 Caesareae
1110 1342 1208 1383 fines
1219 1345 1479 1396 pertinentem
1491 1373 1503 1391 ‚
1515 1341 1705 1397 plurac‘1ue
1716 1341 1874 1396 reliquae
1885 1340 2068 1395 Aphricae

503 1399 593 1439 loca
604 1398 869 1452 possederunt,
881 1398 1081 1451 postremo
1092 1413 1160 1452 per
1170 1399 1415 1439 lustinianum
1428 1398 1576 1438 sublati.
1649 1397 1699 1437 Et
1710 1398 1761 1438 de
1773 1396 2063 1437 Maurufiorum

503 1454 668 1509 quidem
681 1454 832 1510 origine
844 1454 1045 1495 haetenus.
1059 1455 1251 1495 Salomon
1264 1461 1411 1495 interea
1429 1454 1634 1510 postquam
1646 1455 1695 1494 de
1707 1454 1766 1494 his
1777 1467 1862 1508 quae
1872 1452 2011 1508 Aigani
2024 1455 2065 1493 &

502 1510 646 1550 Rufino
659 1511 880 1550 acciderant
891 1511 1078 1551 nuncium
1091 1512 1241 1565 accepit
1251 1543 1263 1560 ,
1275 1510 1352 1552 sese
1364 1511 1414 1551 ad
1431 1510 1580 1551 bellum
1597 1511 1779 1560 adcinxit,
1793 1512 1829 1550 &
1841 1510 1890 1550 ad
1901 1511 2064 1550 Mauru-

245 1566 397 1603 salomonis
429 1567 473 1621 ad.
504 1567 644 1607 siorum
658 1567 778 1606 duces
793 1567 875 1606 haec
884 1565 1026 1608 scribit.
1068 1567 1282 1608 Nonnullis
1296 1567 1459 1623 quidem
1472 1567 1700 1607 hominibus
1712 1565 1860 1607 temere
1872 1578 2006 1620 agere,
2016 1563 2063 1605 si-

245 1614 406 1660 Maurusios
431 1622 487 1661 ‘1³¹³
503 1622 667 1678 mulque
680 1623 804 1676 perire
817 1623 1001 1677 contigit,
1013 1624 1126 1678 quOd
1139 1637 1183 1663 ex
1197 1623 1308 1663 nullo
1319 1635 1407 1664 ante
1418 1623 1558 1663 oculos
1571 1623 1754 1677 exemplo
1768 1623 1963 1674 conijcere
1974 1620 2066 1676 pos-

243 1660 322 1704 '³⁹¹⁴'
500 1678 710 1734 fint‚quem
723 1692 814 1718 nam
828 1677 946 1718 finem
959 1692 1096 1719 eorum
1113 1681 1312 1720 temeritas
1326 1679 1368 1720 fit
1379 1680 1570 1720 habitura.
1610 1679 1692 1719 Vos
1705 1691 1834 1719 autem
1846 1680 1911 1732 qui
1926 1677 2069 1732 paulo-

501 1748 592 1776 ante
612 1748 658 1775 ex
672 1734 801 1774 vestris
823 1736 955 1775 vicinis
967 1736 1140 1776 Vandilis
1155 1737 1300 1776 exitum
1323 1735 1758 1790 animaduertisti5,quid
1769 1748 1858 1775 narn
1873 1734 1959 1788 passi
1971 1733 2037 1775 fue
2048 1755 2067 1770 a

503 1794 581 1833 rint
591 1823 602 1841 ,
614 1793 753 1831 manus
764 1792 804 1831 in
825 1794 1036 1832 maxim-um
1055 1793 1337 1847 Imperatorem
1349 1791 1579 1847 cornuaque
1589 1790 1665 1831 ausi
1680 1792 1764 1831 estis
1776 1791 1958 1831 attollere
1969 1822 1980 1840 ,
1993 1803 2063 1831 ve-

504 1847 869 1901 stramqueialutem
885 1859 1141 1888 contemnere
1151 1880 1163 1898 ‚
1174 1848 1335 1889 minime
1347 1861 1544 1888 memores
1557 1848 1671 1902 quod
1691 1846 1845 1888 foedera
1856 1849 2062 1897 inmeritis,

502 1903 735 1958 liberosc'1ue
756 1904 899 1943 vestros
910 1903 1067 1945 obfides
1080 1904 1281 1945 dederitis.
1312 1904 1373 1945 An
1384 1905 1448 1944 dei
1463 1903 1614 1957 prorsus
1638 1916 1933 1958 contemptores
1947 1904 2030 1944 estis
2045 1905 2066 1944 Β

504 1973 579 2010 nee
588 1959 679 1999 fidei
691 1972 765 1999 nec
774 1959 1123 2015 consanguinitatis
1135 1974 1267 2015 neque
1279 1960 1489 2010 salutis,aut
1499 1959 1662 2000 cuiusuis
1673 1961 1827 2000 alterius
1841 1960 1937 2000 vllus
1952 1959 1994 2000 sit
2004 1973 2065 2000 ree

504 2017 667 2069 spectus:
713 2015 879 2056 Deinde
890 2015 914 2056 fi
925 2017 1044 2057 deum
1056 2016 1240 2071 spernetis
1253 2048 1265 2066 ‚
1278 2018 1432 2058 cuinam
1444 2017 1653 2056 hominum
1665 2028 1729 2056 aut
1738 2016 1932 2057 sociorum
1944 2017 2064 2057 auxi-

505 2074 561 2112 lio
574 2070 711 2111 fideles
724 2084 860 2112 contra
871 2073 1094 2113 Romanum
1107 2074 1208 2113 eritis
1220 2075 1501 2125 imperatorem
1517 2074 1535 2112 ἓ
1554 2072 1576 2112 si
1590 2071 1691 2112 filios
1704 2073 1849 2112 vestros
1863 2074 2062 2121 amittitis,

504 2143 576 2182 pro
594 2129 737 2183 quibus
749 2129 824 2168 iam
836 2128 929 2169 vltra
940 2128 1049 2169 bello
1063 2130 1333 2183 periclitamini
1344 2131 1361 2169 ἔ
1372 2129 1423 2170 At
1435 2128 1458 2168 fi
1470 2142 1539 2169 vos
1553 2142 1691 2183 pugnae
1711 2142 1754 2169 ac
1767 2129 1981 2183 pauloante
1994 2142 2064 2184 ge-

503 2186 648 2225 storum
661 2186 891 2237 poenitentia
904 2185 1003 2225 [ubit
1013 2216 1024 2236 ‚
1038 2199 1111 2225 nos
1126 2188 1307 2226 certiores
1320 2186 1544 2239 perlitteras
1562 2183 1676 2225 facite
1687 2216 1699 2234 ,
1714 2197 1751 2225 vt
1763 2198 1807 2225 ea
1817 2184 1921 2226 bene
1933 2185 2065 2226 vobi(-

505 2254 594 2281 cum
608 2241 764 2295 agendo
776 2240 1081 2295 tranfigamus.Si
1093 2254 1221 2282 autem
1234 2242 1462 2282 temeritatis
1474 2255 1554 2281 non
1568 2241 1696 2281 adhuc
1706 2243 1826 2296 piget,
1837 2241 1987 2282 bellum
1999 2242 2064 2282 Ro

504 2310 691 2337 maeorum
704 2299 907 2348 expectate
921 2298 1078 2338 vestram
1100 2311 1170 2352 per
1182 2300 1256 2338 vim
1270 2312 1314 2338 ac
1325 2296 1528 2352 perfidiam
1547 2298 1741 2337 liciturum
1753 2328 1764 2346 ³
1776 2311 1856 2337 tum
1869 2298 1920 2338 de
1931 2298 2065 2339 vestris

247 2345 461 2388 Maurrfiorum
504 2354 670 2407 proprijs
683 2351 770 2404 filiis
782 2353 959 2393 iniuriam
972 2354 1152 2394 vltururn.
1164 2357 1256 2395 Haec
1265 2368 1389 2409 quum
1401 2352 1581 2405 Maurusij
1595 2351 1842 2409 legiffent,iic
1853 2351 2068 2408 responde-

246 2391 383 2437 rqsponfio.
506 2422 611 2449 runt.
657 2408 946 2450 Belisariusnos
958 2411 1108 2465 magnis
1120 2410 1474 2462 pollicitationibus
1493 2411 1805 2464 circumueniens
1818 2411 1971 2450 induxit
1987 2424 2066 2451 nos

506 2466 752 2518 Imperatoris
765 2466 958 2506 Iustiniani
969 2466 1106 2520 sponte
1116 2467 1292 2506 subditos
1305 2464 1526 2515 effemihsso
1539 2465 1739 2506 bonorum
1752 2479 1825 2505 nos
1838 2467 2066 2520 impertiene

506 2523 563 2561 do
576 2520 679 2560 fame
698 2519 846 2574 pressos
858 2523 1005 2562 amicos
1018 2535 1092 2562 nos
1111 2521 1187 2562 effe
1202 2536 1245 2562 ac
1257 2521 1383 2563 socios
1404 2522 1570 2577 rogauit.
1598 2523 1735 2576 Itaque
1747 2535 1828 2562 non
1844 2522 2065 2563 Maurusios

506 2578 630 2631 magis
644 2577 763 2631 quam
775 2591 844 2617 vos
857 2577 1002 2618 infidos
1023 2578 1208 2631 appellari
1221 2579 1303 2618 iure
1315 2581 1536 2632 oportebit:
1550 2577 1702 2618 foedera
1711 2577 1867 2618 soluunt
1877 2609 1888 2628 ,
1899 2592 1980 2618 non
1993 2580 2065 2634 qui

507 2634 683 2672 iniuriam
697 2634 887 2686 patientes
897 2633 1114 2687 :iproximis
1126 2633 1353 2684 desciscunt,
1363 2633 1428 2674 sed
1440 2636 1508 2689 qui
1519 2633 1735 2674 foederatos
1748 2633 1893 2674 habere
1906 2635 2066 2690 aliquos

506 2689 744 2742 postulantes
760 2690 906 2729 deinde
927 2690 1093 2730 violant.
1152 2690 1288 2730 Deum
1309 2703 1476 2744 quoque
1493 2689 1561 2730 fibi
1582 2689 1786 2730 aduersum
1805 2691 2065 2741 constituunt,

508 2759 588 2784 non
607 2747 674 2799 qui
685 2743 748 2785 sua
759 2745 929 2785 ferentes
942 2746 991 2786 ad
1003 2746 1101 2786 alios
1114 2745 1263 2785 cedunt
1273 2778 1284 2796 ‚
1297 2746 1363 2786 sed
1376 2748 1442 2800 qui
1454 2749 1578 2786 aliena
1590 2746 1822 2786 inuadentes
1835 2747 1873 2785 in
1887 2746 1982 2786 belli
1995 2759 2068 2801 pe-

507 2801 672 2840 riculum
686 2801 899 2841 deducunt.
914 2803 1040 2856 Quod
1050 2801 1074 2840 si
1086 2800 1254 2841 filiorum
1275 2802 1438 2842 charitas
1451 2802 1564 2842 vobis
1576 2802 1628 2841 est
1641 2815 1756 2847 curae,
1768 2802 2014 2857 quibuslicet
2025 2816 2068 2842 v-

507 2869 598 2895 nam
615 2856 765 2896 tantum
783 2857 928 2897 ducere
949 2871 1109 2898 vxorem
1137 2873 1146 2896 ε
1176 2871 1250 2897 nos
1276 2859 1419 2913 quibus
1439 2857 1462 2897 si
1488 2857 1536 2898 fic
1556 2860 1760 2911 contingat
1780 2859 2067 2913 quinquaginta.

508 2910 592 2950 sunt
602 2925 739 2951 vxores
751 2944 762 2961 ,
773 2911 943 2953 filiorum
955 2926 1156 2969 nunquam
1168 2914 1349 2954 destituet
1360 2913 1530 2954 soboles.
1575 2916 1667 2954 Haec
1675 2913 1868 2953 Salomon
1880 2916 1944 2955 vbi
1955 2916 2066 2969 legit,

507 2966 726 3008 vniucrsum
747 2970 1097 3023 coegitexercituin
1111 2983 1180 3018 ,ac
1192 2973 1307 3009 rebus
1328 2971 1432 3023 prius
1454 2969 1559 3024 apud
1580 2969 1862 3025 Carthaginem
1874 2970 2067 3024 dispositis

506 3023 546 3062 in
569 3025 775 3076 Byzacium
797 3027 946 3076 mouit,
966 3027 1071 3080 apud
1091 3026 1283 3079 oppidum
1303 3027 1487 3066 Mammae
1505 3025 1569 3065 vbi
1591 3038 1761 3080 quatuor
1779 3026 2068 3068 Maurusiorum

507 3079 704 3125 duces(vti
715 3081 834 3131 paulo
848 3079 958 3135 supra
967 3082 1204 3130 memoraui)
1217 3081 1466 3122 castrametati
1479 3081 1585 3130 sunt,
1597 3080 1738 3121 vallum
1750 3080 1929 3122 firmauit.
1942 3083 2070 3123 Mon-

508 3145 566 3175 tes
586 3136 649 3176 hic
666 3134 828 3175 altiffimi
846 3136 933 3178 sunt
951 3140 989 3179 &
1009 3151 1174 3194 paruum
1195 3138 1389 3193 oppidum
1409 3137 1537 3180 Males
1560 3137 1610 3178 ad
1624 3138 1823 3178 montium
1842 3139 2016 3180 radices.

1989 3194 2066 3241 Hie
