2190 3614
561 190 915 231 LIBER
1020 190 1097 230 II.
1565 210 1626 248 ²3¹

64 263 114 304 Vt
124 272 250 303 autern
261 262 365 302 idem
383 260 405 301 a
422 260 536 301 vobis
549 273 628 298 non
642 257 766 299 solum
779 259 967 313 probrum
981 271 1024 298 ac
1045 260 1341 309 contumeliam,
1355 260 1421 301 sed
1439 277 1523 315 quae
1536 263 1620 304 sunt

67 320 242 359 omnium
254 316 465 372 grauissima
477 318 513 355 δε
524 316 691 355 maxima
703 314 745 355 stt
756 314 971 368 passus‚vos
984 315 1061 354 hoc
1073 327 1252 369 tempore
1263 317 1387 369 probe
1400 320 1621 373 nostis:an

69 388 153 417 rum
167 374 395 413 memoriam
408 403 418 421 ‚
433 384 471 412 vt
493 369 642 411 seruare
653 372 846 424 perpetuo
860 369 1003 424 poffitis
1015 401 1027 420 ‚
1040 373 1218 411 omnium
1233 371 1361 411 causas
1375 385 1419 411 ac
1442 375 1626 427 querelas

71 429 232 478 dimisit,
244 440 390 468 tantum
405 429 482 468 hoc
494 423 712 466 eiofficium
726 427 897 479 praestare
915 440 984 466 vos
997 439 1154 480 rogans,
1169 440 1207 466 vt
1218 427 1272 467 ob
1284 428 1374 467 talia
1386 430 1629 469 verecundia

68 485 304 540 pudoreqtie
320 482 659 524 adficiaminizhac
672 484 786 536 igitur
796 483 902 521 duest
914 495 982 521 vos
994 496 1149 536 aequum
1163 482 1276 522 fuerit
1295 484 1487 536 pristinam
1504 484 1626 525 fidem

70 553 320 590 reuocare,ac
331 551 500 579 veterem
511 537 688 578 iniuriam
701 550 806 577 noua
826 535 940 589 officij
958 538 1158 592 diligentia
1171 538 1432 591 compensare.
1457 543 1628 580 Praeteri-

68 609 196 636 torum
209 609 365 649 nanque
375 594 606 649 poenitentia
619 595 676 633 his
689 595 759 647 qui
771 605 997 633 errauerunt
1009 596 1224 634 clementes
1239 595 1403 635 reddere
1418 595 1515 635 solet
1526 598 1626 636 iniu-

70 655 165 694 riam
177 651 303 704 paffos
314 682 324 692 .
369 649 553 690 Officium
566 651 670 689 enim
681 646 859 701 'tempore
872 649 1072 702 praestitum
1084 652 1325 704 ingratorum
1339 664 1391 689 no
1399 664 1486 690 men
1502 665 1622 691 muta-

11 726 14 731 ·
69 721 112 749 re
124 706 337 748 consueuit.
377 707 476 746 Illud
488 718 617 745 autem
628 718 698 745 vos
713 705 846 744 videre
858 717 1072 757 oportet‚vt
1086 704 1109 744 si
1121 708 1158 744 in
1173 705 1344 758 praesenti
1357 708 1528 760 negocio
1549 709 1625 747 Im-

75 765 245 819 peratori
256 762 392 803 fideles
403 764 504 801 eritis
515 792 527 810 ,
537 761 685 800 nullam
698 772 894 814 praeterttae
905 761 1027 814 culpae
1045 762 1276 801 memoriam
1291 762 1518 816 relinquetis
1527 777 1628 803 :om-

79 822 141 861 nis
151 820 255 859 enim
266 819 368 859 aetio
388 818 437 857 ab
458 817 684 857 hominibus
708 829 754 869 eg
776 816 943 869 ipsorum
957 818 1266 857 commutatione
1286 818 1470 870 appellari
1491 819 1623 859 debet:

80 887 285 930 peccatum
305 874 421 914 semel
433 873 632 913 admissum
652 873 760 912 nullo
774 885 942 926 vnquam
954 884 1131 926 tempore
1153 870 1292 912 efficies
1308 885 1346 912 vt
1363 872 1404 912 fit
1423 873 1623 914 infectum:

74 932 188 986 quod
202 943 327 971 autem
339 930 456 969 bonis
470 930 688 968 :ustionibus
711 929 914 981 corrigitur
924 959 935 976 ,
949 928 1022 967 illis
1036 929 1236 968 autoribus
1249 929 1414 969 maxime
1427 928 1627 984 fauet,pri-

77 986 255 1040 stinamt‘lz
267 986 411 1025 famam
432 986 569 1024 erroris
581 980 787 1023 obliuione
798 983 1027 1036 sempiterna
1039 984 1206 1023 restituit.
1221 985 1323 1023 Nini
1340 983 1361 1023 fi
1375 986 1447 1036 hos
1465 999 1624 1027 execra-

75 1043 176 1083 biles
189 1054 348 1091 nunc,vt
358 1041 409 1080 est
419 1053 572 1094 aequum
585 1071 596 1087 ,
609 1038 819 1092 despicitis,
839 1039 968 1078 multis
983 1041 1170 1092 deinceps
1191 1042 1229 1079 in
1241 1041 1354 1080 bellis
1368 1055 1438 1093 pro
1451 1042 1621 1082 Rommis

75 1111 213 1138 contra
231 1098 359 1137 hostes
379 1096 477 1136 alios
497 1110 566 1135 vos
580 1095 850 1136 fortitudinem
861 1109 905 1134 ac
915 1096 1033 1135 animi
1052 1095 1287 1136 alacritatem
1311 1098 1548 1148 praestaturos
1570 1101 1628 1138 in,

73 1154 585 1208 dicabitis‚neque·vnquam
599 1153 705 1191 aliter
716 1150 845 1190 fecille
858 1163 921 1190 aut
931 1153 1163 1204 lmperarori
1176 1151 1361 1192 aduersos
1376 1151 1483 1191 fuisse
1495 1156 1623 1193 ostent

73 1210 193 1250 detis.
223 1210 305 1262 Qi
318 1209 471 1248 enimin
485 1209 542 1247 his
555 1218 639 1261 qua:
652 1205 886 1247 admiserunt
904 1207 1149 1247 retractando
1167 1209 1397 1260 probantur,
1410 1208 1621 1249 honestiffi-

74 1279 176 1306 mam
189 1266 465 1319 praeteritorum
480 1263 764 1303 excusationem
780 1262 1053 1316 praeseferunt.
1097 1266 1328 1318 Hacitaque
1349 1263 1514 1304 vestium
1536 1267 1622 1319 qui-

74 1322 173 1362 libet
192 1334 282 1375 erga
300 1322 579 1374 Imperatorem
590 1318 638 1358 sie
655 1320 819 1373 cogitet.
873 1319 998 1371 Qod
1018 1332 1146 1359 autem
1168 1321 1217 1359 ad
1237 1333 1300 1358 me
1322 1321 1509 1373 pertinet,
1522 1320 1619 1360 scitis
1639 1319 1867 1371 Magnarznnlm

72 1376 412 1434 quemadmodum
430 1389 506 1429 ego
527 1375 988 1415 nulliusmemoriniurioe
1008 1389 1076 1415 vos
1097 1375 1203 1414 nulla
1227 1389 1275 1415 ex
1294 1388 1398 1428 parte
1421 1376 1616 1416 laceffiue-
1633 1366 1776 1396 Germasn.

72 1447 166 1483 rim,
179 1434 271 1488 quin
285 1434 414 1486 potius
427 1431 832 1471 omnibeneuolentia
844 1430 1083 1485 prosequens
1103 1432 1139 1471 in
1160 1429 1429 1472 huiuscemodi
1442 1435 1600 1473 certami
1619 1462 1621 1465 -

20 1516 29 1529 .
72 1502 123 1530 ne
136 1489 332 1529 constitui.
365 1488 476 1527 Vnde
489 1487 619 1527 habeo
634 1501 701 1527 vos
715 1500 954 1540 magnopere
966 1500 1118 1541 rogare,
1135 1499 1299 1527 vtnemo
1313 1487 1474 1527 vestrum
1488 1501 1620 1528 mente

70 1540 299 1586 diffimulata
319 1556 455 1584 contra
466 1543 592 1583 hostes
604 1556 802 1596 procurrat
823 1560 830 1581 :
848 1544 943 1597 quin
956 1542 980 1582 st
992 1542 1092 1583 forte
1105 1544 1230 1583 adhuc
1242 1544 1290 1583 ad
1303 1543 1458 1583 illorum
1472 1547 1618 1585 exerci-

73 1610 156 1644 tum
167 1600 406 1655 transfugere
427 1611 606 1652 exoptat,
620 1612 669 1639 ne
686 1611 886 1648 coutetur,
900 1612 1004 1639 nunc
1015 1601 1192 1652 protinus
1213 1603 1247 1638 ei
1260 1613 1346 1639 cum
1361 1601 1546 1640 omnibns
1562 1614 1620 1640 ar-

74 1660 146 1698 mis
157 1657 289 1705 liceat,
303 1658 380 1696 hoc
393 1654 517 1696 solum
530 1655 623 1694 mihi
637 1653 905 1709 gratificando,
917 1667 955 1694 vt
967 1669 1048 1694 non
1061 1655 1160 1695 clam
1173 1667 1239 1695 aut
1251 1669 1318 1708 per
1329 1655 1564 1704 inlidias‚sed
1578 1671 1618 1696 a·

74 1712 183 1767 perte
195 1711 236 1753 lit
247 1712 416 1752 iniustus:
427 1713 533 1751 cuius
545 1712 599 1751 rei
612 1711 730 1766 gratia
742 1711 822 1750 haec
835 1710 883 1750 ad
895 1724 964 1750 vos
978 1711 1094 1751 verba
1106 1725 1185 1750 non
1201 1712 1304 1764 apud
1319 1712 1617 1766 Carthaginem,

73 1769 139 1810 sed
156 1770 193 1808 in
206 1770 287 1808 acie
299 1780 386 1808 ante
399 1768 548 1807 hostem
561 1768 680 1807 habui
690 1797 703 1816 ,
714 1779 753 1806 vt
765 1766 861 1806 nulli
872 1767 948 1806 hoc
968 1765 1097 1807 facere
1110 1768 1257 1807 volenti
1269 1766 1310 1806 fit
1327 1768 1474 1822 aliquid
1493 1770 1619 1821 impe-

74 1825 250 1865 dimento
262 1855 273 1873 ,
286 1825 382 1879 quin
395 1824 443 1864 ab
464 1825 574 1863 omni
586 1823 683 1863 liber
693 1822 868 1876 periculo
879 1834 980 1862 tutus
993 1821 1174 1863 discedat.
1221 1824 1289 1863 His
1307 1822 1328 1863 a
1343 1824 1546 1864 Germano
1559 1827 1617 1864 di-

77 1882 143 1921 &is
155 1882 340 1920 tumultus
360 1883 398 1919 in
418 1879 543 1919 castris
564 1880 813 1919 Romaeorum
831 1879 1016 1932 plurimus
1038 1880 1232 1928 exoritur,
1247 1893 1290 1919 ae
1308 1879 1471 1933 quisque
1490 1894 1560 1933 pro
1581 1880 1617 1920 se

74 1940 218 1990 primus
231 1936 351 1976 fidem
364 1935 769 1989 beneuolentiamc'lue
788 1934 890 1974 suam
903 1948 993 1989 erga
1012 1936 1291 1988 Imperatorem
1304 1937 1395 1975 duci
1409 1937 1618 1975 monstrare

74 1994 295 2042 contendit,
312 1992 464 2045 insuper
477 1989 695 2046 grauiffirnis
710 1989 913 2031 adfirmare
925 1992 1149 2031 iuramentis
1161 2021 1170 2029 .
1203 1992 1443 2045 Aliquandiu
1458 1993 1569 2045 igitur
1581 1994 1619 2031 in

75 2050 157 2089 acie
170 2049 367 2096 stantibus,
380 2062 423 2088 ac
438 2049 553 2087 nullis
565 2048 743 2101 vtriuque
756 2045 790 2086 se
802 2047 1053 2086 mouentibus
1063 2077 1073 2091 ,
1086 2061 1207 2101 quum
1222 2048 1348 2087 hostes
1361 2048 1454 2086 nihil
1469 2046 1620 2101 prorsus

74 2117 204 2144 earum
216 2118 358 2154 rerum,
369 2117 465 2157 quas
477 2105 612 2143 Stozas
626 2103 799 2156 praedixrr
816 2104 892 2142 iam
904 2104 1132 2157 contingere
1145 2104 1333 2152 viderent,
1344 2102 1490 2158 speqtie
1501 2103 1535 2143 se
1550 2099 1619 2143 de-

74 2173 210 2214 ceptos
224 2161 595 2201 animaduerterent,
608 2160 782 2212 protinus
801 2159 923 2198 aciem
943 2158 1162 2198 deserentes
1175 2159 1500 2213 atilugiunt,acse
1519 2161 1626 2213 inter·

73 2216 266 2256 Numidas
285 2218 495 2268 recipiunt,
511 2216 724 2255 vbieotum
747 2218 785 2254 &
805 2228 942 2254 vxores
965 2217 1001 2254 δε
1023 2214 1131 2255 bona
1150 2228 1196 2253 cx
1216 2215 1481 2268 praedaerant,
1530 2218 1619 2255 Huc

75 2271 193 2326 paulo
216 2272 302 2325 post
323 2273 543 2311 Germanus
565 2285 652 2310 cum
672 2271 841 2310 exercitu
863 2272 967 2310 venit
986 2283 1201 2323 praeparans
1223 2285 1344 2325 quum
1363 2271 1436 2311 alia
1455 2271 1618 2324 optime,

76 2340 157 2368 tum
180 2342 311 2368 currus
330 2328 567 2367 immodicos
587 2328 733 2367 ducens
754 2357 766 2374 ,
788 2325 1025 2366 aduersarios
1046 2327 1097 2365 est
1118 2325 1319 2366 adsecutus
1339 2327 1388 2367 ad
1409 2327 1613 2379 oppidum,

74 2384 185 2435 quod
197 2384 468 2423 Calabastores
478 2384 625 2423 Romaei
644 2381 1011 2436 appellant2ibic'1ue
1023 2381 1138 2422 castra
1148 2383 1225 2422 hoc
1243 2383 1367 2422 modo
1389 2383 1615 2422 collocauit.

76 2439 221 2479 Currus
235 2441 272 2479 in
286 2438 414 2479 fronte
433 2439 666 2478 constituens
681 2438 832 2490 pedites
851 2440 955 2490 apud
968 2451 1037 2477 eos
1057 2436 1203 2490 posuit,
1218 2438 1361 2491 quibus
1372 2438 1614 2478 Dominicus

75 2508 233 2549 praeerat
243 2526 254 2544 ‚
267 2508 304 2535 vt
315 2496 503 2535 habentes
516 2495 552 2534 in
562 2506 646 2535 tuto
656 2494 841 2533 humeros
852 2494 971 2548 magis
984 2492 1151 2533 fiderent
1161 2523 1170 2532 .
1208 2495 1262 2533 Ex
1274 2495 1468 2549 equitibus
1483 2506 1614 2533 autem

76 2553 247 2605 optimos
268 2563 386 2606 atque
407 2549 736 2604 fidiffimos,quos
764 2549 784 2589 ὲ
806 2549 1151 2602 Constantinopoli
1171 2550 1614 2603 adduxerat,peditibus

74 2605 289 2647 dextrorsus
310 2605 539 2659 pofitosipse
551 2607 731 2659 regebat:
745 2605 841 2644 alios
862 2618 990 2645 autem
1004 2606 1157 2644 omneis
1178 2607 1216 2645 in
1237 2619 1358 2645 cornu
1379 2607 1518 2645 dextro
1532 2620 1614 2644 non

77 2663 312 2702 coniunffim
324 2693 336 2711 ‚
347 2662 413 2702 sed
424 2661 571 2702 diuilim
585 2665 622 2701 in
644 2662 707 2700 tris
718 2660 885 2701 maxime
897 2673 1040 2700 turmas
1059 2662 1437 2715 constituit,quarum
1451 2662 1513 2700 vni
1524 2662 1618 2700 lldi-

76 2730 164 2771 ger,
176 2718 280 2758 alteri
292 2719 528 2757 Theodorus
541 2717 765 2770 Cappadox
776 2748 787 2764 ,
799 2717 916 2757 tertiae
927 2717 1113 2756 omnibus
1133 2719 1269 2756 maiori
1286 2718 1401 2756 frater
1418 2730 1615 2770 praeerant.

77 2773 118 2812 ln
131 2775 231 2814 hunc
241 2774 407 2814 modum
420 2775 565 2814 Romaei
576 2774 745 2813 ordinati
755 2773 875 2814 fuere.
895 2772 1214 2825 Aduersariorum
1227 2775 1318 2811 vero
1331 2773 1467 2812 contra
1479 2774 1614 2812 stetere

75 2828 185 2869 nullo
196 2832 354 2884 quidem
367 2831 506 2870 ordine
518 2860 530 2878 ,
548 2828 614 2869 sed
624 2842 734 2868 more
746 2828 948 2868 barbarico
960 2827 1082 2881 sparsi.
1105 2832 1188 2868 Hos
1201 2828 1483 2867 Maurufiorum
1497 2828 1619 2868 millia

76 2885 195 2925 multa
207 2899 285 2925 non
299 2886 418 2939 longe
432 2884 693 2940 sequebantur
703 2915 714 2933 ,
727 2898 828 2939 quos
843 2898 962 2939 quum
976 2884 1034 2935 alij
1046 2886 1252 2933 multi,tum
1262 2884 1352 2923 Iaud
1360 2898 1398 2923 as
1413 2887 1449 2923 ὃς
1461 2886 1615 2923 Ortaias

74 2941 448 2991 doceb-antummum&
459 2941 619 2994 quidem
638 2954 777 2980 omnes
788 2941 846 2980 his
859 2942 1025 2994 quicum
1037 2942 1154 2979 Stoza
1166 2938 1350 2979 erantfidi
1360 2970 1372 2988 ,
1382 2939 1446 2979 sed
1461 2940 1616 2992 plurimi

76 3008 162 3036 cum
174 2997 374 3037 Germano
389 2999 491 3051 prius
505 3009 574 3050 per
594 2998 759 3036 nuncios
773 3008 1059 3045 conuenerant,
1071 2996 1275 3050 postquam
1295 2996 1331 3033 in
1351 3009 1431 3034 rem
1453 3008 1615 3048 praeten-

73 3058 151 3092 tem
165 3053 538 3106 veniffent,partibus
549 3053 794 3106 Imperatoris
808 3064 942 3101 contra
953 3052 1079 3091 hostes
1095 3051 1224 3104 aperte
1237 3051 1478 3093 dimicarent,
1512 3054 1616 3105 Qi-

75 3105 146 3149 bus
159 3109 379 3151 Germanus
391 3109 558 3151 omnino
572 3123 654 3150 non
666 3108 885 3159 credidit2vt
895 3108 1007 3162 quod
1018 3107 1182 3148 infidum
1193 3120 1315 3161 genus
1329 3106 1613 3148 Maurusiotum

81 3181 85 3185 “
1290 3176 1314 3203 ιι
1371 3177 1390 3201 2
